<record><leader>00000cas a2200000 a 4500</leader><controlfield tag="001">436454424</controlfield><controlfield tag="008">090914d19741990iluwr ne      0   a0eng c</controlfield><datafield ind1=" " ind2=" " tag="010"><subfield code="a">sn2009271163</subfield></datafield><datafield ind1=" " ind2=" " tag="040"><subfield code="a">NVF</subfield><subfield code="b">eng</subfield><subfield code="c">NVF</subfield><subfield code="d">NVF</subfield><subfield code="d">OCLCQ</subfield><subfield code="d">NVF</subfield><subfield code="d">OCLCF</subfield><subfield code="d">OCLCO</subfield></datafield><datafield ind1=" " ind2=" " tag="042"><subfield code="a">pcc</subfield></datafield><datafield ind1=" " ind2=" " tag="043"><subfield code="a">n-us-il</subfield></datafield><datafield ind1="0" ind2=" " tag="130"><subfield code="a">Geneva chronicle (Geneva, Ill.)</subfield></datafield><datafield ind1="1" ind2="0" tag="245"><subfield code="a">Geneva chronicle.</subfield></datafield><datafield ind1=" " ind2=" " tag="260"><subfield code="a">Geneva, Ill. :</subfield><subfield code="b">Chronicle Pub. Co.</subfield></datafield><datafield ind1=" " ind2=" " tag="300"><subfield code="a">v.</subfield></datafield><datafield ind1=" " ind2=" " tag="310"><subfield code="a">Weekly</subfield></datafield><datafield ind1="1" ind2=" " tag="362"><subfield code="a">Began in 1974; ceased Mar. 1990?</subfield></datafield><datafield ind1=" " ind2=" " tag="500"><subfield code="a">Editor: Jim Fair.</subfield></datafield><datafield ind1=" " ind2=" " tag="515"><subfield code="a">Errors in numbering: v. 3, no. 1 designated as v. 3, no. 53; v. 3, no. 2 designated as v. 3, no. 54; v. 3, no. 3 designated as v. 3, no. 55; correct numbering resumes with v. 3, no. 4.</subfield></datafield><datafield ind1=" " ind2=" " tag="580"><subfield code="a">Merged with: Batavia chronicle, and: Elburn chronicle, and: St. Charles chronicle, to form: Kane County chronicle.</subfield></datafield><datafield ind1=" " ind2=" " tag="588"><subfield code="a">Description based on: Volume 3, number 1 (June 2, 1976).</subfield></datafield><datafield ind1=" " ind2=" " tag="588"><subfield code="a">Latest issue consulted: Volume 12, number 38 (Dec. 26, 1985).</subfield></datafield><datafield ind1=" " ind2="0" tag="651"><subfield code="a">Geneva (Ill.)</subfield><subfield code="v">Newspapers.</subfield></datafield><datafield ind1=" " ind2="7" tag="655"><subfield code="a">Newspapers.</subfield><subfield code="2">fast</subfield><subfield code="0">(OCoLC)fst01423814</subfield></datafield><datafield ind1=" " ind2="7" tag="651"><subfield code="a">Illinois</subfield><subfield code="z">Geneva.</subfield><subfield code="2">fast</subfield><subfield code="0">(OCoLC)fst01226534</subfield></datafield><datafield ind1=" " ind2=" " tag="752"><subfield code="a">United States</subfield><subfield code="b">Illinois</subfield><subfield code="c">Kane</subfield><subfield code="d">Geneva.</subfield></datafield><datafield ind1="1" ind2="7" tag="785"><subfield code="a">Batavia chronicle</subfield><subfield code="w">(DLC)sn 94054358</subfield><subfield code="w">(OCoLC)29992209</subfield></datafield><datafield ind1="1" ind2="7" tag="785"><subfield code="a">Elburn chronicle</subfield></datafield><datafield ind1="1" ind2="7" tag="785"><subfield code="t">St. Charles chronicle</subfield><subfield code="w">(DLC)sn 94054356</subfield><subfield code="w">(OCoLC)29991653</subfield></datafield><datafield ind1="1" ind2="7" tag="785"><subfield code="t">Kane County chronicle</subfield><subfield code="w">(DLC)sn 94054357</subfield><subfield code="w">(OCoLC)29991865</subfield></datafield></record>